@article{WLM,
    author  = "K. D. Boese, A. B. Kahng and S. Mantik",
    title   = "On the Relevance of Wire Load Models",
    year    = "April 2001",
    journal = "ACM International Workshop on System-Level Interconnect Prediction",
    volume  = "",
    number  = "",
    pages   = "91-98"
}